@article{garcia2025peer,
  title= {This is Your AI on Peer Pressure: An Observational Study of Inter-Agent Social Dynamics},
  author={Garcia, Marco R.},
  journal={Zenodo preprint 10.5281/zenodo.15702168},
  year={2025}
}